%% Richard Wen
%% rwen@ryerson.ca


% *** REFERENCES: ARTICLE ***


@ARTICLE{Garfield:2006a,
	title={Citation indexes for science. A new dimension in documentation through association of ideas},
	author={Garfield, Eugene},
	journal={International journal of epidemiology},
	volume={35},
	number={5},
	pages={1123--1127},
	year={2006},
	publisher={Oxford University Press}
}

@ARTICLE{Garfield:2006b,
	title={The history and meaning of the journal impact factor},
	author={Garfield, Eugene},
	journal={Jama},
	volume={295},
	number={1},
	pages={90--93},
	year={2006},
	publisher={American Medical Association}
}

@ARTICLE{Klein:2004,
	title={The Social Science Citation Index: A Black Box with an Ideological Bias?},
	author={Klein, Daniel B and Chiang, Eric and others},
	journal={Econ Journal Watch},
	volume={1},
	number={1},
	pages={134--165},
	year={2004},
	publisher={Econ Journal Watch}
}


% *** REFERENCES: ELECTRONIC ***


@ELECTRONIC{ACM:2017,
	author = {\relax{Association for Computing Machinery}},
	title = {ACM Digital Library},
	year = {2017},
	url = {https://dl.acm.org/},
	note = {Accessed: 2017-12-02}
}

@ELECTRONIC{Clarivate:2017a,
	author = {\relax{Clarivate Analytics}},
	title = {InCites Journal Citation Reports},
	year = {2017},
	url = {https://jcr.incites.thomsonreuters.com/},
	note = {Accessed: 2017-12-02}
}

@ELECTRONIC{Clarivate:2017b,
	author = {\relax{Clarivate Analytics}},
	title = {Web of Science},
	year = {2017},
	url = {https://webofknowledge.com/},
	note = {Accessed: 2017-12-02}
}

@ELECTRONIC{IEEE:2017,
	author = {\relax{Institute of Electrical and Electronics Engineers}},
	title = {IEEE Xplore Digital Library},
	year = {2017},
	url = {http://ieeexplore.ieee.org/Xplore/home.jsp},
	note = {Accessed: 2017-12-02}
}

